@article{Lorimer2007,
  doi = {10.1126/science.1147532},
  year = {2007},
  month = nov,
  publisher = {American Association for the Advancement of Science ({AAAS})},
  volume = {318},
  number = {5851},
  pages = {777--780},
  author = {D. R. Lorimer and M. Bailes and M. A. McLaughlin and D. J. Narkevic and F. Crawford},
  title = {A Bright Millisecond Radio Burst of Extragalactic Origin},
  journal = {Science}
}

@article{Cruces2020,
  doi = {10.1093/mnras/staa3223},
  year = {2020},
  month = oct,
  publisher = {Oxford University Press ({OUP})},
  volume = {500},
  number = {1},
  pages = {448--463},
  author = {M Cruces and L G Spitler and P Scholz and R Lynch and A Seymour and J W T Hessels and C Gouiff{\'{e}}s and G H Hilmarsson and M Kramer and S Munjal},
  title = {Repeating behaviour of {FRB} 121102: periodicity, waiting times, and energy distribution},
  journal = {Monthly Notices of the Royal Astronomical Society}
}

@article{Petroff_Hessels_Lorimer_2019, 
	title={Fast radio bursts}, 
	volume={27}, 
	DOI={10.1007/s00159-019-0116-6}, 
	number={1}, 
	journal={The Astronomy and Astrophysics Review}, 
	publisher={Springer Science and Business Media LLC}, 
	author={Petroff, E. and Hessels, J. W. T. and Lorimer, D. R.}, 
	year={2019}, 
	month={May} 
}

@article{chime2020,
  doi = {10.1038/s41586-020-2863-y},
  year = {2020},
  month = nov,
  publisher = {Springer Science and Business Media {LLC}},
  volume = {587},
  number = {7832},
  pages = {54--58},
  title = {A bright millisecond-duration radio burst from a Galactic magnetar},
  journal = {Nature},
  author = {{CHIME/FRB Collaboration} and B. C. Andersen and K. M. Bandura and M. Bhardwaj and A. Bij and M. M. Boyce and P. J. Boyle and C. Brar and T. Cassanelli and P. Chawla and T. Chen and J.-F. Cliche and A. Cook and D. Cubranic and A. P. Curtin and N. T. Denman and M. Dobbs and F. Q. Dong and M. Fandino and E. Fonseca and B. M. Gaensler and U. Giri and D. C. Good and M. Halpern and A. S. Hill and G. F. Hinshaw and C. Höfer and A. Josephy and J. W. Kania and V. M. Kaspi and T. L. Landecker and C. Leung and D. Z. Li and H.-H. Lin and K. W. Masui and R. Mckinven and J. Mena-Parra and M. Merryfield and B. W. Meyers and D. Michilli and N. Milutinovic and A. Mirhosseini and M. Münchmeyer and A. Naidu and L. B. Newburgh and C. Ng and C. Patel and U.-L. Pen and T. Pinsonneault-Marotte and Z. Pleunis and B. M. Quine and M. Rafiei-Ravandi and M. Rahman and S. M. Ransom and A. Renard and P. Sanghavi and P. Scholz and J. R. Shaw and K. Shin and S. R. Siegel and S. Singh and R. J. Smegal and K. M. Smith and I. H. Stairs and C. M. Tan and S. P. Tendulkar and I. Tretyakov and K. Vanderlinde and H. Wang and D. Wulf and A. V. Zwaniga}
}

@article{Bochenek2021,
  doi = {10.3847/2041-8213/abd634},
  year = {2021},
  month = jan,
  publisher = {American Astronomical Society},
  volume = {907},
  number = {2},
  pages = {L31},
  author = {Christopher D. Bochenek and Vikram Ravi and Dillon Dong},
  title = {Localized Fast Radio Bursts Are Consistent with Magnetar Progenitors Formed in Core-collapse Supernovae},
  journal = {The Astrophysical Journal}
}

@article{Luo2020,
  doi = {10.1038/s41586-020-2827-2},
  year = {2020},
  month = oct,
  publisher = {Springer Science and Business Media {LLC}},
  volume = {586},
  number = {7831},
  pages = {693--696},
  author = {R. Luo and B. J. Wang and Y. P. Men and C. F. Zhang and J. C. Jiang and H. Xu and W. Y. Wang and K. J. Lee and J. L. Han and B. Zhang and R. N. Caballero and M. Z. Chen and X. L. Chen and H. Q. Gan and Y. J. Guo and L. F. Hao and Y. X. Huang and P. Jiang and H. Li and J. Li and Z. X. Li and J. T. Luo and J. Pan and X. Pei and L. Qian and J. H. Sun and M. Wang and N. Wang and Z. G. Wen and R. X. Xu and Y. H. Xu and J. Yan and W. M. Yan and D. J. Yu and J. P. Yuan and S. B. Zhang and Y. Zhu},
  title = {Diverse polarization angle swings from a repeating fast radio burst source},
  journal = {Nature}
}

@article{Wang2020,
  doi = {10.1093/mnras/staa2693},
  year = {2020},
  month = sep,
  publisher = {Oxford University Press ({OUP})},
  volume = {499},
  number = {1},
  pages = {355--361},
  author = {Wei-Yang Wang and Bing Zhang and Xuelei Chen and Renxin Xu},
  title = {On the magnetoionic environments of fast radio bursts},
  journal = {Monthly Notices of the Royal Astronomical Society}
}

@article{Lyubarsky2014,
  doi = {10.1093/mnrasl/slu046},
  year = {2014},
  month = apr,
  publisher = {Oxford University Press ({OUP})},
  volume = {442},
  number = {1},
  pages = {L9--L13},
  author = {Yuri Lyubarsky},
  title = {A model for fast extragalactic radio bursts},
  journal = {Monthly Notices of the Royal Astronomical Society: Letters}
}

@article{Metzger2019,
  doi = {10.1093/mnras/stz700},
  year = {2019},
  month = mar,
  publisher = {Oxford University Press ({OUP})},
  volume = {485},
  number = {3},
  pages = {4091--4106},
  author = {Brian D Metzger and Ben Margalit and Lorenzo Sironi},
  title = {Fast radio bursts as synchrotron maser emission from decelerating relativistic blast waves},
  journal = {Monthly Notices of the Royal Astronomical Society}
}

@article{Metzger2020,
  doi = {10.3847/2041-8213/abbb88},
  year = {2020},
  month = oct,
  publisher = {American Astronomical Society},
  volume = {902},
  number = {1},
  pages = {L22},
  author = {Brian D. Metzger and Ke Fang and Ben Margalit},
  title = {Neutrino Counterparts of Fast Radio Bursts},
  journal = {The Astrophysical Journal}
}

@article{Zhang2016,
  doi = {10.3847/2041-8205/827/2/l31},
  year = {2016},
  month = aug,
  publisher = {American Astronomical Society},
  volume = {827},
  number = {2},
  pages = {L31},
  author = {Zhang, B.},
  title = {MERGERS OF CHARGED BLACK HOLES: GRAVITATIONAL-WAVE EVENTS,  SHORT GAMMA-RAY BURSTS, AND FAST RADIO BURSTS},
  journal = {The Astrophysical Journal}
}

@article{Totani2013,
  doi = {10.1093/pasj/65.5.l12},
  year = {2013},
  month = oct,
  publisher = {Oxford University Press ({OUP})},
  volume = {65},
  number = {5},
  pages = {L12},
  author = {Tomonori Totani},
  title = {Cosmological Fast Radio Bursts from Binary Neutron Star Mergers},
  journal = {Publications of the Astronomical Society of Japan}
}

@article{Dai2016,
  doi = {10.3847/0004-637x/829/1/27},
  year = {2016},
  month = sep,
  publisher = {American Astronomical Society},
  volume = {829},
  number = {1},
  pages = {27},
  author = {Z. G. Dai and J. S. Wang and X. F. Wu and Y. F. Huang},
  title = {REPEATING FAST RADIO BURSTS FROM HIGHLY MAGNETIZED PULSARS TRAVELING THROUGH ASTEROID BELTS},
  journal = {The Astrophysical Journal}
}

@article{Murase2016,
  doi = {10.1093/mnras/stw1328},
  year = {2016},
  month = jun,
  publisher = {Oxford University Press ({OUP})},
  volume = {461},
  number = {2},
  pages = {1498--1511},
  author = {Kohta Murase and Kazumi Kashiyama and ~Peter M{\'{e}}sz{\'{a}}ros},
  title = {A burst in a wind bubble and the impact on baryonic ejecta: high-energy gamma-ray flashes and afterglows from fast radio bursts and pulsar-driven supernova remnants},
  journal = {Monthly Notices of the Royal Astronomical Society}
}

@article{Keane2016,
  doi = {10.1038/nature17140},
  year = {2016},
  month = feb,
  publisher = {Springer Science and Business Media {LLC}},
  volume = {530},
  number = {7591},
  pages = {453--456},
  author = {E. F. Keane and S. Johnston and S. Bhandari and E. Barr and N. D. R. Bhat and M. Burgay and M. Caleb and C. Flynn and A. Jameson and M. Kramer and E. Petroff and A. Possenti and W. van Straten and M. Bailes and S. Burke-Spolaor and R. P. Eatough and B. W. Stappers and T. Totani and M. Honma and H. Furusawa and T. Hattori and T. Morokuma and Y. Niino and H. Sugai and T. Terai and N. Tominaga and S. Yamasaki and N. Yasuda and R. Allen and J. Cooke and J. Jencson and M. M. Kasliwal and D. L. Kaplan and S. J. Tingay and A. Williams and R. Wayth and P. Chandra and D. Perrodin and M. Berezina and M. Mickaliger and C. Bassa},
  title = {The host galaxy of a fast radio burst},
  journal = {Nature}
}

@article{Shannon2018,
  doi = {10.1038/s41586-018-0588-y},
  year = {2018},
  month = oct,
  publisher = {Springer Science and Business Media {LLC}},
  volume = {562},
  number = {7727},
  pages = {386--390},
  author = {R. M. Shannon and J.-P. Macquart and K. W. Bannister and R. D. Ekers and C. W. James and S. Os{\l}owski and H. Qiu and M. Sammons and A. W. Hotan and M. A. Voronkov and R. J. Beresford and M. Brothers and A. J. Brown and J. D. Bunton and A. P. Chippendale and C. Haskins and M. Leach and M. Marquarding and D. McConnell and M. A. Pilawa and E. M. Sadler and E. R. Troup and J. Tuthill and M. T. Whiting and J. R. Allison and C. S. Anderson and M. E. Bell and J. D. Collier and G. G\"{u}rkan and G. Heald and C. J. Riseley},
  title = {The dispersion{\textendash}brightness relation for fast radio bursts from a wide-field survey},
  journal = {Nature}
}

@article{Marcote2020,
  doi = {10.1038/s41586-019-1866-z},
  year = {2020},
  month = jan,
  publisher = {Springer Science and Business Media {LLC}},
  volume = {577},
  number = {7789},
  pages = {190--194},
  author = {B. Marcote and K. Nimmo and J. W. T. Hessels and S. P. Tendulkar and C. G. Bassa and Z. Paragi and A. Keimpema and M. Bhardwaj and R. Karuppusamy and V. M. Kaspi and C. J. Law and D. Michilli and K. Aggarwal and B. Andersen and A. M. Archibald and K. Bandura and G. C. Bower and P. J. Boyle and C. Brar and S. Burke-Spolaor and B. J. Butler and T. Cassanelli and P. Chawla and P. Demorest and M. Dobbs and E. Fonseca and U. Giri and D. C. Good and K. Gourdji and A. Josephy and A. Yu. Kirichenko and F. Kirsten and T. L. Landecker and D. Lang and T. J. W. Lazio and D. Z. Li and H.-H. Lin and J. D. Linford and K. Masui and J. Mena-Parra and A. Naidu and C. Ng and C. Patel and U.-L. Pen and Z. Pleunis and M. Rafiei-Ravandi and M. Rahman and A. Renard and P. Scholz and S. R. Siegel and K. M. Smith and I. H. Stairs and K. Vanderlinde and A. V. Zwaniga},
  title = {A repeating fast radio burst source localized to a nearby spiral galaxy},
  journal = {Nature}
}

@article{Kocz2010,
  doi = {10.1088/0004-6256/140/6/2086},
  year = {2010},
  month = nov,
  publisher = {American Astronomical Society},
  volume = {140},
  number = {6},
  pages = {2086--2094},
  author = {J. Kocz and F. H. Briggs and J. Reynolds},
  title = {Radio Frequency Interference Removal through the Application of Spatial Filtering Techniques on the {Parkes Multibeam Receiver}},
  journal = {The Astronomical Journal}
}

@article{Barsdell2012,
  doi = {10.1111/j.1365-2966.2012.20622.x},
  year = {2012},
  month = mar,
  publisher = {Oxford University Press ({OUP})},
  volume = {422},
  number = {1},
  pages = {379--392},
  author = {B. R. Barsdell and M. Bailes and D. G. Barnes and C. J. Fluke},
  title = {Accelerating incoherent dedispersion},
  journal = {Monthly Notices of the Royal Astronomical Society}
}

@misc{Lorimersigproc,
	author={Lorimer, D.},
	title={Sigproc-v4.0: Pulsar Signal Processing Programs},
	url={https://casper.berkeley.edu/svn/trunk/projects/dig_int_kurt_spec/sigproc-4.3/sigproc.pdf},
	howpublished={West Virginia University},
	year={2007},
	month={February}
}

@misc{ransompresto,
	author={Scott Ransom},
	title={Searching for Pulsars with {PRESTO}},
	howpublished={NRAO/UVa},
	url={https://www.cv.nrao.edu/~sransom/PRESTO_search_tutorial.pdf}
}

@article{Rane2015,
  doi = {10.1093/mnras/stv2404},
  year = {2015},
  month = nov,
  publisher = {Oxford University Press ({OUP})},
  volume = {455},
  number = {2},
  pages = {2207--2215},
  author = {A. Rane and D. R. Lorimer and S. D. Bates and N. McMann and M. A. McLaughlin and K. Rajwade},
  title = {A search for rotating radio transients and fast radio bursts in the {Parkes} high-latitude pulsar survey},
  journal = {Monthly Notices of the Royal Astronomical Society}
}

@article{Sclocco2020,
  doi = {10.1016/j.softx.2020.100549},
  year = {2020},
  month = jul,
  publisher = {Elsevier {BV}},
  volume = {12},
  pages = {100549},
  author = {A. Sclocco and S. Heldens and B. van Werkhoven},
  title = {{AMBER}: A real-time pipeline for the detection of single pulse astronomical transients},
  journal = {{SoftwareX}}
}

@article{Chime2018,
  doi = {10.3847/1538-4357/aad188},
  year = {2018},
  month = aug,
  publisher = {American Astronomical Society},
  volume = {863},
  number = {1},
  pages = {48},
  author = {{CHIME/FRB Collaboration} and M. Amiri and K. Bandura and P. Berger and M. Bhardwaj and M. M. Boyce and P. J. Boyle and C. Brar and M. Burhanpurkar and P. Chawla and J. Chowdhury and J.-F. Cliche and M. D. Cranmer and D. Cubranic and M. Deng and N. Denman and M. Dobbs and M. Fandino and E. Fonseca and B. M. Gaensler and U. Giri and A. J. Gilbert and D. C. Good and S. Guliani and M. Halpern and G. Hinshaw and C. H\"{o}fer and A. Josephy and V. M. Kaspi and T. L. Landecker and D. Lang and H. Liao and K. W. Masui and J. Mena-Parra and A. Naidu and L. B. Newburgh and C. Ng and C. Patel and U.-L. Pen and T. Pinsonneault-Marotte and Z. Pleunis and M. Rafiei Ravandi and S. M. Ransom and A. Renard and P. Scholz and K. Sigurdson and S. R. Siegel and K. M. Smith and I. H. Stairs and S. P. Tendulkar and K. Vanderlinde and D. V. Wiebe},
  title = {The {CHIME} Fast Radio Burst Project: System Overview},
  journal = {The Astrophysical Journal}
}

@article{Patel2018,
  doi = {10.3847/1538-4357/aaee65},
  year = {2018},
  month = dec,
  publisher = {American Astronomical Society},
  volume = {869},
  number = {2},
  pages = {181},
  author = {C. Patel and D. Agarwal and M. Bhardwaj and M. M. Boyce and A. Brazier and S. Chatterjee and P. Chawla and V. M. Kaspi and D. R. Lorimer and M. A. McLaughlin and E. Parent and Z. Pleunis and S. M. Ransom and P. Scholz and R. S. Wharton and W. W. Zhu and M. Alam and K. Caballero Valdez and F. Camilo and J. M. Cordes and F. Crawford and J. S. Deneva and R. D. Ferdman and P. C. C. Freire and J. W. T. Hessels and B. Nguyen and I. Stairs and K. Stovall and J. van Leeuwen},
  title = {{PALFA} Single-pulse Pipeline: New Pulsars, Rotating Radio Transients, and a Candidate Fast Radio Burst},
  journal = {The Astrophysical Journal}
}

@article{Sanidas2017,
  doi = {10.1017/s1743921317009310},
  year = {2017},
  month = sep,
  publisher = {Cambridge University Press ({CUP})},
  volume = {13},
  number = {S337},
  pages = {406--407},
  author = {S. Sanidas and M. Caleb and L. Driessen and V. Morello and K. Rajwade and B. W. Stappers},
  title = {{MeerTRAP}: A pulsar and fast transients survey with {MeerKAT}},
  journal = {Proceedings of the International Astronomical Union}
}

@article{James2019,
  doi = {10.1017/pasa.2019.1},
  year = {2019},
  publisher = {Cambridge University Press ({CUP})},
  volume = {36},
  author = {C. W. James and K. W. Bannister and J.-P. Macquart and R. D. Ekers and S. Oslowski and R. M. Shannon and J. R. Allison and A. P. Chippendale and J. D. Collier and T. Franzen and A. W. Hotan and M. Leach and D. McConnell and M. A. Pilawa and M. A. Voronkov and M. T. Whiting},
  title = {The performance and calibration of the {CRAFT} fly's eye fast radio burst survey},
  journal = {Publications of the Astronomical Society of Australia}
}

@article{Keith2010,
  doi = {10.1111/j.1365-2966.2010.17325.x},
  year = {2010},
  month = sep,
  publisher = {Oxford University Press ({OUP})},
  volume = {409},
  number = {2},
  pages = {619--627},
  author = {M. J. Keith and A. Jameson and W. Van Straten and M. Bailes and S. Johnston and M. Kramer and A. Possenti and S. D. Bates and N. D. R. Bhat and M. Burgay and S. Burke-Spolaor and N. D{\textquotesingle}Amico and L. Levin and Peter L. McMahon and S. Milia and B. W. Stappers},
  title = {The {High Time Resolution Universe Pulsar Survey} - {I}. {S}ystem configuration and initial discoveries},
  journal = {Monthly Notices of the Royal Astronomical Society}
}

@article{Spitler2014,
  doi = {10.1088/0004-637x/790/2/101},
  year = {2014},
  month = jul,
  publisher = {American Astronomical Society},
  volume = {790},
  number = {2},
  pages = {101},
  author = {L. G. Spitler and J. M. Cordes and J. W. T. Hessels and D. R. Lorimer and M. A. McLaughlin and S. Chatterjee and F. Crawford and J. S. Deneva and V. M. Kaspi and R. S. Wharton and B. Allen and S. Bogdanov and A. Brazier and F. Camilo and P. C. C. Freire and F. A. Jenet and C. Karako-Argaman and B. Knispel and P. Lazarus and K. J. Lee and J. van Leeuwen and R. Lynch and S. M. Ransom and P. Scholz and X. Siemens and I. H. Stairs and K. Stovall and J. K. Swiggum and A. Venkataraman and W. W. Zhu and C. Aulbert and H. Fehrmann},
  title = {Fast Radio Burst Discovered in the {Arecibo Pulsar ALFA Survey}},
  journal = {The Astrophysical Journal}
}

@article{Masui2015,
  doi = {10.1038/nature15769},
  year = {2015},
  month = dec,
  publisher = {Springer Science and Business Media {LLC}},
  volume = {528},
  number = {7583},
  pages = {523--525},
  author = {Kiyoshi Masui and Hsiu-Hsien Lin and Jonathan Sievers and Christopher J. Anderson and Tzu-Ching Chang and Xuelei Chen and Apratim Ganguly and Miranda Jarvis and Cheng-Yu Kuo and Yi-Chao Li and Yu-Wei Liao and Maura McLaughlin and Ue-Li Pen and Jeffrey B. Peterson and Alexander Roman and Peter T. Timbie and Tabitha Voytek and Jaswant K. Yadav},
  title = {Dense magnetized plasma associated with a fast radio burst},
  journal = {Nature}
}

@article{Caleb2016,
  doi = {10.1093/mnras/stw109},
  year = {2016},
  month = mar,
  publisher = {Oxford University Press ({OUP})},
  volume = {458},
  number = {1},
  pages = {718--725},
  author = {M. Caleb and C. Flynn and M. Bailes and E. D. Barr and T. Bateman and S. Bhandari and D. Campbell-Wilson and A. J. Green and R. W. Hunstead and A. Jameson and F. Jankowski and E. F. Keane and V. Ravi and W. van Straten and V. Venkataraman Krishnan},
  title = {Fast Radio Transient searches with {UTMOST} at 843 {MHz}},
  journal = {Monthly Notices of the Royal Astronomical Society}
}

@article{Bannister2017,
  doi = {10.3847/2041-8213/aa71ff},
  year = {2017},
  month = may,
  publisher = {American Astronomical Society},
  volume = {841},
  number = {1},
  pages = {L12},
  author = {K. W. Bannister and R. M. Shannon and J.-P. Macquart and C. Flynn and P. G. Edwards and M. O'Neill and S. Os{\l}owski and M. Bailes and B. Zackay and N. Clarke and L. R. D'Addario and R. Dodson and P. J. Hall and A. Jameson and D. Jones and R. Navarro and J. T. Trinh and J. Allison and C. S. Anderson and M. Bell and A. P. Chippendale and J. D. Collier and G. Heald and I. Heywood and A. W. Hotan and K. Lee-Waddell and J. P. Madrid and J. Marvil and D. McConnell and A. Popping and M. A. Voronkov and M. T. Whiting and G. R. Allen and D. C.-J. Bock and D. P. Brodrick and F. Cooray and D. R. DeBoer and P. J. Diamond and R. Ekers and R. G. Gough and G. A. Hampson and L. Harvey-Smith and S. G. Hay and D. B. Hayman and C. A. Jackson and S. Johnston and B. S. Koribalski and N. M. McClure-Griffiths and P. Mirtschin and A. Ng and R. P. Norris and S. E. Pearce and C. J. Phillips and D. N. Roxby and E. R. Troup and T. Westmeier},
  title = {The Detection of an Extremely Bright Fast Radio Burst in a Phased Array Feed Survey},
  journal = {The Astrophysical Journal}
}

@misc{Steffen2021,
Author = {Steffen Hagstotz and Robert Reischke and Robert Lilow},
Title = {A new measurement of the Hubble constant using Fast Radio Bursts},
Year = {2021},
Eprint = {arXiv:2104.04538},
url = {https://arxiv.org/abs/2104.04538}
}

@article{Wei2015,
  doi = {10.1103/physrevlett.115.261101},
  year = {2015},
  month = dec,
  publisher = {American Physical Society ({APS})},
  volume = {115},
  number = {26},
  author = {Jun-Jie Wei and He Gao and Xue-Feng Wu and Peter M{\'{e}}sz{\'{a}}ros},
  title = {Testing {Einstein's} Equivalence Principle With Fast Radio Bursts},
  journal = {Physical Review Letters}
}

@misc{Reischke2021,
Author = {Robert Reischke and Steffen Hagstotz and Robert Lilow},
Title = {Consistent equivalence principle tests with fast radio bursts},
Year = {2021},
Eprint = {arXiv:2102.11554},
url = {https://arxiv.org/abs/2102.11554}
}

@article{Wu2016,
  doi = {10.3847/2041-8205/822/1/l15},
  year = {2016},
  month = apr,
  publisher = {American Astronomical Society},
  volume = {822},
  number = {1},
  pages = {L15},
  author = {Xue-Feng Wu and Song-Bo Zhang and He Gao and Jun-Jie Wei and Yuan-Chuan Zou and Wei-Hua Lei and Bing Zhang and Zi-Gao Dai and Peter M{\'{e}}sz{\'{a}}ros},
  title = {Constraints on the photon mass with fast radio bursts},
  journal = {The Astrophysical Journal}
}

@misc{Wang2021,
Author = {Huimei Wang and Xueli Miao and Lijing Shao},
Title = {Bounding the photon mass with cosmological propagation of fast radio bursts},
Year = {2021},
Eprint = {arXiv:2103.15299},
url = {https://arxiv.org/abs/2103.15299}
}

@article{Pagano2021,
  doi = {10.1093/mnras/stab1438},
  year = {2021},
  month = may,
  publisher = {Oxford University Press ({OUP})},
  volume = {505},
  number = {2},
  pages = {2195--2206},
  author = {Michael Pagano and Hannah Fronenberg},
  title = {Constraining the epoch of reionization with highly dispersed fast radio bursts},
  journal = {Monthly Notices of the Royal Astronomical Society}
}

@article{Macquart2020,
  doi = {10.1038/s41586-020-2300-2},
  year = {2020},
  month = may,
  publisher = {Springer Science and Business Media {LLC}},
  volume = {581},
  number = {7809},
  pages = {391--395},
  author = {J.-P. Macquart and J. X. Prochaska and M. McQuinn and K. W. Bannister and S. Bhandari and C. K. Day and A. T. Deller and R. D. Ekers and C. W. James and L. Marnoch and S. Os{\l}owski and C. Phillips and S. D. Ryder and D. R. Scott and R. M. Shannon and N. Tejos},
  title = {A census of baryons in the {Universe} from localized fast radio bursts},
  journal = {Nature}
}

@article{Zhou2014,
  doi = {10.1103/physrevd.89.107303},
  year = {2014},
  month = may,
  publisher = {American Physical Society ({APS})},
  volume = {89},
  number = {10},
  author = {Bei Zhou and Xiang Li and Tao Wang and Yi-Zhong Fan and Da-Ming Wei},
  title = {Fast radio bursts as a cosmic probe?},
  journal = {Physical Review D}
}

@article{Ravi2016,
  doi = {10.1126/science.aaf6807},
  year = {2016},
  month = nov,
  publisher = {American Association for the Advancement of Science ({AAAS})},
  volume = {354},
  number = {6317},
  pages = {1249--1252},
  author = {V. Ravi and R. M. Shannon and M. Bailes and K. Bannister and S. Bhandari and N. D. R. Bhat and S. Burke-Spolaor and M. Caleb and C. Flynn and A. Jameson and S. Johnston and E. F. Keane and M. Kerr and C. Tiburzi and A. V. Tuntsov and H. K. Vedantham},
  title = {The magnetic field and turbulence of the cosmic web measured using a brilliant fast radio burst},
  journal = {Science}
}

@article{Dai2021,
  doi = {10.1093/mnras/stab785},
  year = {2021},
  month = mar,
  publisher = {Oxford University Press ({OUP})},
  volume = {503},
  number = {3},
  pages = {4576--4580},
  author = {Ji-Ping Dai and Jun-Qing Xia},
  title = {Reconstruction of baryon fraction in intergalactic medium through dispersion measurements of fast radio bursts},
  journal = {Monthly Notices of the Royal Astronomical Society}
}

@article{Ocker2021,
  doi = {10.3847/1538-4357/abeb6e},
  year = {2021},
  month = apr,
  publisher = {American Astronomical Society},
  volume = {911},
  number = {2},
  pages = {102},
  author = {Stella Koch Ocker and James M. Cordes and Shami Chatterjee},
  title = {Constraining Galaxy Halos from the Dispersion and Scattering of Fast Radio Bursts and Pulsars},
  journal = {The Astrophysical Journal}
}

@article{Michilli2021,
  doi = {10.3847/1538-4357/abe626},
  year = {2021},
  month = apr,
  publisher = {American Astronomical Society},
  volume = {910},
  number = {2},
  pages = {147},
  author = {D. Michilli and K. W. Masui and R. Mckinven and D. Cubranic and M. Bruneault and C. Brar and C. Patel and P. J. Boyle and I. H. Stairs and A. Renard and K. Bandura and S. Berger and D. Breitman and T. Cassanelli and M. Dobbs and V. M. Kaspi and C. Leung and J. Mena-Parra and Z. Pleunis and L. Russell and P. Scholz and S. R. Siegel and S. P. Tendulkar and K. Vanderlinde},
  title = {An Analysis Pipeline for {CHIME}/{FRB} Full-array Baseband Data},
  journal = {The Astrophysical Journal}
}

@book{vain1970extraction,
  title={Extraction of Signals from Noise},
  author={Va{\u\i}nshte{\u\i}n, L.A. and Zubakov, V.D.},
  note={ISBN: 9780486626253},
  series={Dover books on physics and mathematical physics},
  year={1970},
  publisher={Dover Publications}
}

@inproceedings{Keane2017,
  doi = {10.1142/9789813226609_0360},
  year = {2017},
  month = nov,
  publisher = {World Scientific},
  author = {Evan F. Keane and {SUPERB Collaboration}},
  title = {Fast radio bursts: Searches,  sensitivities {\&} implications},
  booktitle = {{The Fourteenth Marcel Grossmann Meeting}}
}

@article{Madison2019,
  doi = {10.3847/1538-4357/ab58c3},
  year = {2019},
  month = dec,
  publisher = {American Astronomical Society},
  volume = {887},
  number = {2},
  pages = {252},
  author = {D. R. Madison and D. Agarwal and K. Aggarwal and O. Young and H. T. Cromartie and M. T. Lam and S. Chatterjee and J. M. Cordes and N. Garver-Daniels and D. R. Lorimer and R. S. Lynch and M. A. McLaughlin and S. M. Ransom and R. S. Wharton},
  title = {A Deep Targeted Search for Fast Radio Bursts from the Sites of Low-redshift Short Gamma-Ray Bursts},
  journal = {The Astrophysical Journal}
}

@article{Katz2020,
  doi = {10.1093/mnras/staa3042},
  year = {2020},
  month = oct,
  publisher = {Oxford University Press ({OUP})},
  volume = {499},
  number = {2},
  pages = {2319--2326},
  author = {J I Katz},
  title = {The {FRB}{\textendash}{SGR} connection},
  journal = {Monthly Notices of the Royal Astronomical Society}
}

@article{Men2019,
  doi = {10.1093/mnras/stz1931},
  year = {2019},
  month = jul,
  publisher = {Oxford University Press ({OUP})},
  volume = {488},
  number = {3},
  pages = {3957--3971},
  author = {Y P Men and R Luo and M Z Chen and L F Hao and K J Lee and J Li and Z X Li and Z Y Liu and X Pei and Z G Wen and J J Wu and Y H Xu and R X Xu and J P Yuan and C F Zhang},
  title = {Piggyback search for fast radio bursts using {Nanshan} 26{\hspace{0.167em}}m and {Kunming} 40{\hspace{0.167em}}m radio telescopes {\textendash} {I}. {O}bserving and data analysis systems, discovery of a mysterious peryton},
  journal = {Monthly Notices of the Royal Astronomical Society}
}

@article{Zhang2021,
  doi = {10.1093/mnras/stab823},
  year = {2021},
  month = mar,
  publisher = {Oxford University Press ({OUP})},
  volume = {503},
  number = {4},
  pages = {5223--5231},
  author = {C F Zhang and J W Xu and Y P Men and X H Deng and Heng Xu and J C Jiang and B J Wang and K J Lee and J Li and J P Yuan and Z Y Liu and Y X Huang and Y H Xu and Z X Li and L F Hao and J T Luo and S Dai and R Luo and Hassan Zakie and Z Y Ma},
  title = {Fast radio burst detection in the presence of coloured noise},
  journal = {Monthly Notices of the Royal Astronomical Society}
}

@Book{fisz1963probability,
 author = {Fisz, Marek},
 title = {Probability theory and mathematical statistics},
 publisher = {Wiley},
 year = {1963},
 address = {New York},
 note = {ISBN: 9780471262503}
 }
 
 @article{Cordes2003,
  doi = {10.1086/378231},
  year = {2003},
  month = oct,
  publisher = {American Astronomical Society},
  volume = {596},
  number = {2},
  pages = {1142--1154},
  author = {J. M. Cordes and M. A. McLaughlin},
  title = {Searches for Fast Radio Transients},
  journal = {The Astrophysical Journal}
}

@article{Magro2011,
  doi = {10.1111/j.1365-2966.2011.19426.x},
  year = {2011},
  month = sep,
  publisher = {Oxford University Press ({OUP})},
  volume = {417},
  number = {4},
  pages = {2642--2650},
  author = {A. Magro and A. Karastergiou and S. Salvini and B. Mort and F. Dulwich and K. Zarb Adami},
  title = {Real-time,  fast radio transient searches with {GPU} de-dispersion},
  journal = {Monthly Notices of the Royal Astronomical Society}
}

@article{MAGRO2013,
  doi = {10.1142/s2251171713500086},
  year = {2013},
  month = sep,
  publisher = {World Scientific Pub Co Pte Lt},
  volume = {02},
  number = {01},
  pages = {1350008},
  author = {A. Magro and J. Hickish and K. Z. Adami},
  title = {MULTIBEAM {GPU} TRANSIENT PIPELINE FOR THE {Medicina} {BEST}-2 ARRAY},
  journal = {Journal of Astronomical Instrumentation}
}

@inproceedings{Okuta2017,
  title={CuPy : A {NumPy}-Compatible Library for {NVIDIA} {GPU} Calculations},
  author={Ryosuke Okuta and Y. Unno and Daisuke Nishino and S. Hido and Crissman},
  year={2017},
  url={http://learningsys.org/nips17/assets/papers/paper_16.pdf}
}

@article{Pang2018,
  doi = {10.1093/mnras/sty1992},
  year = {2018},
  month = aug,
  publisher = {Oxford University Press ({OUP})},
  volume = {480},
  number = {3},
  pages = {3302--3323},
  author = {Di Pang and Katerina Goseva-Popstojanova and Thomas Devine and Maura McLaughlin},
  title = {A novel single-pulse search approach to detection of dispersed radio pulses using clustering and supervised machine learning},
  journal = {Monthly Notices of the Royal Astronomical Society}
}